@misc {witherspoon-expository,
Author = {Sarah Witherspoon},
Title = {Varieties for modules of finite dimensional Hopf algebras},
Year = {2016},
Eprint = {https://arxiv.org/abs/1612.00857}
}

@book{waterhouse,
series = {Graduate texts in mathematics ; 66},
publisher = {Springer-Verlag},
isbn = {0387904212},
year = {1979},
title = {Introduction to affine group schemes},
language = {eng},
address = {New York},
author = {Waterhouse, William C},
keywords = {Group schemes (Mathematics)},
lccn = {79012231},
}

@book{milne,
series = {Cambridge studies in advanced mathematics ; 170},
publisher = {Cambridge University Press},
isbn = {9781107167483},
year = {2017},
title = {Algebraic groups : the theory of group schemes of finite type over a field},
language = {eng},
address = {Cambridge, United Kingdom ; New York, New York},
author = {Milne, J. S.},
keywords = {Geometry, Algebraic; Group theory},
}

@book{jantzen,
series = {Mathematical surveys and monographs ; no. 107},
publisher = {American Mathematical Society},
isbn = {0821835270},
year = {2003},
title = {Representations of algebraic groups},
edition = {2nd ed.},
language = {eng},
address = {Providence, R.I.},
author = {Jantzen, Jens Carsten},
keywords = {Representations of groups; Linear algebraic groups},
lccn = {2003058381},
}

@book{janzten-quantum,
series = {Graduate studies in mathematics ; v. 6},
publisher = {American Mathematical Society},
isbn = {0821804782},
year = {1996},
title = {Lectures on quantum groups},
language = {eng},
address = {Providence, R.I.},
author = {Jantzen, Jens Carsten},
keywords = {Quantum groups; Mathematical physics},
lccn = {95025393},
}

@book{weibel,
series = {Cambridge studies in advanced mathematics ; 38},
publisher = {Cambridge University Press},
isbn = {0521435005},
year = {1994},
title = {An introduction to homological algebra},
language = {eng},
address = {Cambridge [England] ; New York},
author = {Weibel, Charles A.},
keywords = {Algebra, Homological},
lccn = {93015649},
}

@book {humphreys1,
series = {Graduate texts in mathematics ; 9},
publisher = {Springer-Verlag},
isbn = {0387900535},
year = {1972},
title = {Introduction to Lie algebras and representation theory},
language = {eng},
address = {New York},
author = {Humphreys, James E},
keywords = {Lie algebras; Representations of groups; Representations of Lie algebras},
lccn = {72085951},
}

@book{humphreys2,
series = {Graduate studies in mathematics ; v. 94},
publisher = {American Mathematical Society},
isbn = {9780821846780},
year = {2008},
title = {Representations of semisimple Lie algebras in the BGG category O},
language = {eng},
address = {Providence, R.I.},
author = {Humphreys, James E},
keywords = {Representations of Lie algebras; Categories (Mathematics)},
lccn = {2008012667},
}

@misc{evens,
series = {Oxford mathematical monographs},
publisher = {Clarendon Press},
isbn = {0198535805},
year = {1991},
title = {The cohomology of groups},
language = {eng},
address = {Oxford ; New York},
author = {Evens, Leonard},
keywords = {Finite groups; Homology theory},
lccn = {91017140},
}



@article {FP,
    AUTHOR = {Friedlander, Eric M. and Parshall, Brian J.},
     TITLE = {Cohomology of {L}ie algebras and algebraic groups},
   JOURNAL = {Amer. J. Math.},
  FJOURNAL = {American Journal of Mathematics},
    VOLUME = {108},
      YEAR = {1986},
    NUMBER = {1},
     PAGES = {235--253 (1986)},
      ISSN = {0002-9327},
   MRCLASS = {20G10 (17B56)},
  MRNUMBER = {821318},
MRREVIEWER = {James E. Humphreys},
       DOI = {10.2307/2374473},
       URL = {https://doi.org/10.2307/2374473},
}

@article {ginzburg-kumar,
    AUTHOR = {Ginzburg, Victor and Kumar, Shrawan},
     TITLE = {Cohomology of quantum groups at roots of unity},
   JOURNAL = {Duke Math. J.},
  FJOURNAL = {Duke Mathematical Journal},
    VOLUME = {69},
      YEAR = {1993},
    NUMBER = {1},
     PAGES = {179--198},
      ISSN = {0012-7094},
   MRCLASS = {17B37 (17B56)},
  MRNUMBER = {1201697},
MRREVIEWER = {Jian-Pan Wang},
       DOI = {10.1215/S0012-7094-93-06909-8},
}


@article {julia10-pointed,
    AUTHOR = {Mastnak, M. and Pevtsova, J. and Schauenburg, P. and
              Witherspoon, S.},
     TITLE = {Cohomology of finite-dimensional pointed {H}opf algebras},
   JOURNAL = {Proc. Lond. Math. Soc. (3)},
  FJOURNAL = {Proceedings of the London Mathematical Society. Third Series},
    VOLUME = {100},
      YEAR = {2010},
    NUMBER = {2},
     PAGES = {377--404},
      ISSN = {0024-6115},
   MRCLASS = {16T05 (16E30)},
  MRNUMBER = {2595743},
MRREVIEWER = {Drago\c{s} \c{S}tefan},
       DOI = {10.1112/plms/pdp030},
}

@article{anick-resolution,
 ISSN = {00029947},
 URL = {http://www.jstor.org/stable/2000383},
 abstract = {We present a new free resolution for k as an G-module, where G is an associative augmented algebra over a field k. The resolution reflects the combinatorial properties of G.},
 author = {David J. Anick},
 journal = {Transactions of the American Mathematical Society},
 number = {2},
 pages = {641--659},
 publisher = {American Mathematical Society},
 title = {On the Homology of Associative Algebras},
 volume = {296},
 year = {1986}
}

@article {priddy,
    AUTHOR = {Priddy, Stewart B.},
     TITLE = {Koszul resolutions},
   JOURNAL = {Trans. Amer. Math. Soc.},
  FJOURNAL = {Transactions of the American Mathematical Society},
    VOLUME = {152},
      YEAR = {1970},
     PAGES = {39--60},
      ISSN = {0002-9947},
   MRCLASS = {18.20},
  MRNUMBER = {0265437},
MRREVIEWER = {A. K. Bousfield},
       DOI = {10.2307/1995637},
       URL = {https://doi.org/10.2307/1995637},
}

@incollection {de-concini,
    AUTHOR = {De Concini, Corrado and Kac, Victor G.},
     TITLE = {Representations of quantum groups at roots of {1}},
 BOOKTITLE = {Operator algebras, unitary representations, enveloping
              algebras, and invariant theory ({P}aris, 1989)},
    SERIES = {Progr. Math.},
    VOLUME = {92},
     PAGES = {471--506},
 PUBLISHER = {Birkh\"{a}user Boston, Boston, MA},
      YEAR = {1990},
   MRCLASS = {17B37 (16W30)},
  MRNUMBER = {1103601},
MRREVIEWER = {Jie Du},
}

@inproceedings {drinfeld,
    AUTHOR = {Drinfel'd, V. G.},
     TITLE = {Quantum groups},
 BOOKTITLE = {Proceedings of the {I}nternational {C}ongress of
              {M}athematicians, {V}ol. 1, 2 ({B}erkeley, {C}alif., 1986)},
     PAGES = {798--820},
 PUBLISHER = {Amer. Math. Soc., Providence, RI},
      YEAR = {1987},
   MRCLASS = {17B50 (16A24 17B65 57T05 58F07 82A05 82A15)},
  MRNUMBER = {934283},
}

@unpublished {julia-dave,
    AUTHOR = {Benson, Dave and Pevtsova, Julia},
     TITLE = {Representations and Cohomology of a Family of Finite Supergroup Schemes},
      YEAR = {2018},
       URL = {https://sites.math.washington.edu/~julia/Preprints/super/super2.pdf}
}

@unpublished {detecting-nilpotence,
    AUTHOR = {Benson, Dave and Iyengar, Srikanth and Krause, Henning and Pevtsova, Julia},
     TITLE = {Detecting Nilpotence and Projectivity over Finite Unipotent Supergroup Schemes},
      YEAR = {2018},
       URL = {https://sites.math.washington.edu/~julia/Preprints/super/detection.pdf}
}